<?xml version="1.0" encoding="UTF-8"?><record xmlns="http://www.loc.gov/MARC21/slim" xmlns:cinclude="http://apache.org/cocoon/include/1.0" xmlns:zs="http://www.loc.gov/zing/srw/">
  <leader>00449nz  a2200133n  4500</leader>
  <controlfield tag="001">n 2008184555</controlfield>
  <controlfield tag="003">DLC</controlfield>
  <controlfield tag="005">20081105080426.0</controlfield>
  <controlfield tag="008">081104n| acannaabn          |n ana      </controlfield>
  <datafield tag="010" ind1=" " ind2=" ">
    <subfield code="a">n 2008184555</subfield>
  </datafield>
  <datafield tag="035" ind1=" " ind2=" ">
    <subfield code="a">(DNLM)1425535</subfield>
  </datafield>
  <datafield tag="040" ind1=" " ind2=" ">
    <subfield code="a">DNLM</subfield>
    <subfield code="b">eng</subfield>
    <subfield code="c">DNLM</subfield>
  </datafield>
  <datafield tag="110" ind1="2" ind2=" ">
    <subfield code="a">International Network on Sport and Health Sciences</subfield>
  </datafield>
  <datafield tag="670" ind1=" " ind2=" ">
    <subfield code="a">Journal of human sport and exercise, viewed on Oct. 28, 2008:</subfield>
    <subfield code="b">home page (International Network on Sport and Health Sciences)</subfield>
  </datafield>
</record>